@inproceedings{Pfeiffer2025,
    author = {Pfeiffer, J. and Kunick, M.},
    title = {Supporting the Transformation of Heat Supply: Development of a Software Solution for Sustainable Heating Networks},
    booktitle = {Proceedings of the 25th Young Scientists Conference},
    pages = {128--135},
    year = {2025},
    publisher = {Hochschule Merseburg},
    url = {https://www.hs-merseburg.de/fileadmin/Forschung/Nachwuchswissenschaftlerkonferenz/NWK25/NWK25_Tagungsband.pdf}
}

@article{Pfeiffer2025b,
    author = {Pfeiffer, J. and Kunick, M.},
    title = {Development of an integrated software workflow for district heating network planning: A structured methodological approach},
    journal = {ACC Journal},
    volume = {31},
    number = {1},
    pages = {48--63},
    year = {2025},
    doi = {10.2478/acc-2025-0004},
    url = {https://acc-ern.tul.cz/archiv/PDF/ACC_2025_1_04.pdf}
}